@incollection{bryan2005,
 title = {Active Learning For Identifying Function Threshold Boundaries},
 author = {Brent Bryan and Jeff Schneider and Robert Nichol and Christopher Miller and Christopher Genovese and Larry Wasserman},
 booktitle = {Advances in Neural Information Processing Systems 18},
 publisher = {MIT Press},
 year = {2006}
}

@inproceedings{bryan2008,
 author = {Bryan, Brent and Schneider, Jeff},
 title = {Actively learning level-sets of composite functions},
 booktitle = {Proceedings of the 25th international conference on Machine learning},
 year = {2008},
 publisher = {ACM}
}

@book{gpbook,
  Author = {Carl Edward Rasmussen and Christopher K. I. Williams},
  Title = {Gaussian Processes for Machine Learning (Adaptive Computation and Machine Learning series)},
  publisher = {MIT Press},
  Year = {2005}
}